<?xml version="1.0" encoding="UTF-8"?><collection xmlns="http://www.loc.gov/MARC21/slim"><record><leader>00476nam--2200169-i-4500</leader><controlfield tag="001">000040273</controlfield><controlfield tag="002">20161230</controlfield><controlfield tag="005">20170115232536</controlfield><controlfield tag="008">060222s1000------------r-----000-0-eng-d</controlfield><datafield ind1=" " ind2=" " tag="040"><subfield code="a">IFIN-HH</subfield></datafield><datafield ind1=" " ind2=" " tag="080"><subfield code="a">681.324:621.039.51.12</subfield></datafield><datafield ind1="1" ind2=" " tag="100"><subfield code="a">Sangren, Ward C</subfield></datafield><datafield ind1="1" ind2="0" tag="245"><subfield code="a">Digital computers and nuclear reactor calculations</subfield><subfield code="c">Ward C. Sangren</subfield></datafield><datafield ind1=" " ind2=" " tag="260"><subfield code="a">New York</subfield><subfield code="b">John Wiley And Sons, Inc</subfield><subfield code="c">1960</subfield></datafield><datafield ind1=" " ind2=" " tag="300"><subfield code="a">XI + 208 p</subfield></datafield><datafield ind1=" " ind2=" " tag="852"><subfield code="a">44301</subfield><subfield code="c">523</subfield></datafield><datafield ind1=" " ind2=" " tag="CAT"><subfield code="a">SYS</subfield><subfield code="c">20170115</subfield><subfield code="h">232536</subfield></datafield></record></collection>